@book{buselmaier2018biologie,
  title={Biologie f{\"u}r Mediziner},
  author={Buselmaier, Werner and Haussig, Joana},
  year={2018},
  publisher={Springer-Verlag}
}

@article{shen2008viral,
  title={Viral reservoirs, residual viremia, and the potential of highly active antiretroviral therapy to eradicate HIV infection},
  author={Shen, Lin and Siliciano, Robert F},
  journal={Journal of Allergy and Clinical Immunology},
  volume={122},
  number={1},
  pages={22--28},
  year={2008},
  publisher={Elsevier}
}

@article{ruelas2013integrated,
  title={An integrated overview of HIV-1 latency},
  author={Ruelas, Debbie S and Greene, Warner C},
  journal={Cell},
  volume={155},
  number={3},
  pages={519--529},
  year={2013},
  publisher={Elsevier}
}

@article{simon2006hiv,
  title={HIV/AIDS epidemiology, pathogenesis, prevention, and treatment},
  author={Simon, Viviana and Ho, David D and Karim, Quarraisha Abdool},
  journal={The Lancet},
  volume={368},
  number={9534},
  pages={489--504},
  year={2006},
  publisher={Elsevier}
}

@article{pau2014antiretroviral,
  title={Antiretroviral therapy: current drugs},
  author={Pau, Alice K and George, Jomy M},
  journal={Infectious Disease Clinics},
  volume={28},
  number={3},
  pages={371--402},
  year={2014},
  publisher={Elsevier}
}

@article{lu2018haart,
  title={HAART in HIV/AIDS treatments: future trends},
  author={Lu, Da-Yong and Wu, Hong-Ying and Yarla, Nagendra S and Xu, Bin and Ding, Jian and Lu, Ting-Ren},
  journal={Infectious Disorders-Drug Targets (Formerly Current Drug Targets-Infectious Disorders)},
  volume={18},
  number={1},
  pages={15--22},
  year={2018},
  publisher={Bentham Science Publishers}
}

@article{mittler1998influence,
  title={Influence of delayed viral production on viral dynamics in HIV-1 infected patients},
  author={Mittler, John E and Sulzer, Bernhard and Neumann, Avidan U and Perelson, Alan S},
  journal={Mathematical biosciences},
  volume={152},
  number={2},
  pages={143--163},
  year={1998},
  publisher={Elsevier}
}

@article{anderson1998complex,
  title={Complex dynamic behaviours in the interaction between parasite populations and the host's immune system},
  author={Anderson, Roy M},
  journal={International journal for parasitology},
  volume={28},
  number={4},
  pages={551--566},
  year={1998},
  publisher={Elsevier}
}

@article{perelson1993dynamics,
  title={Dynamics of HIV infection of CD4+ T cells},
  author={Perelson, Alan S and Kirschner, Denise E and De Boer, Rob},
  journal={Mathematical biosciences},
  volume={114},
  number={1},
  pages={81--125},
  year={1993},
  publisher={Elsevier}
}

@article{rong2007emergence,
  title={Emergence of HIV-1 drug resistance during antiretroviral treatment},
  author={Rong, Libin and Feng, Zhilan and Perelson, Alan S},
  journal={Bulletin of Mathematical Biology},
  volume={69},
  number={6},
  pages={2027--2060},
  year={2007},
  publisher={Springer}
}

@article{adams2005hiv,
  title={HIV dynamics: modeling, data analysis, and optimal treatment protocols},
  author={Adams, Brian Michael and Banks, Harvey Thomas and Davidian, Marie and Kwon, Hee-Dae and Tran, Hien T and Wynne, Shannon N and Rosenberg, Eric S},
  journal={Journal of Computational and Applied Mathematics},
  volume={184},
  number={1},
  pages={10--49},
  year={2005},
  publisher={Elsevier}
}

@article{callaway2002hiv,
  title={HIV-1 infection and low steady state viral loads},
  author={Callaway, Duncan S and Perelson, Alan S},
  journal={Bulletin of mathematical biology},
  volume={64},
  number={1},
  pages={29--64},
  year={2002},
  publisher={Elsevier}
}

@article{wu2010game,
  title={A game theoretical approach to optimal control of dual drug delivery for HIV infection treatment},
  author={Wu, Jing and Zhang, Mingjun},
  journal={IEEE Transactions on Systems, Man, and Cybernetics, Part B (Cybernetics)},
  volume={40},
  number={3},
  pages={694--702},
  year={2010},
  publisher={IEEE}
}

@article{rosenberg2007using,
  title={Using mathematical modeling and control to develop structured treatment interruption strategies for HIV infection},
  author={Rosenberg, Eric S and Davidian, Marie and Banks, H Thomas},
  journal={Drug and alcohol dependence},
  volume={88},
  pages={S41--S51},
  year={2007},
  publisher={Elsevier}
}

@incollection{alberts2002helper,
  title={Helper T cells and lymphocyte activation},
  author={Alberts, Bruce and Johnson, Alexander and Lewis, Julian and Raff, Martin and Roberts, Keith and Walter, Peter},
  booktitle={Molecular Biology of the Cell. 4th edition},
  year={2002},
  publisher={Garland Science}
}

@article{huang2006hierarchical,
  title={Hierarchical Bayesian methods for estimation of parameters in a longitudinal HIV dynamic system},
  author={Huang, Yangxin and Liu, Dacheng and Wu, Hulin},
  journal={Biometrics},
  volume={62},
  number={2},
  pages={413--423},
  year={2006},
  publisher={Wiley Online Library}
}

@article{huang2003modeling,
  title={Modeling HIV dynamics and antiviral response with consideration of time-varying drug exposures, adherence and phenotypic sensitivity},
  author={Huang, Yangxin and Rosenkranz, Susan L and Wu, Hulin},
  journal={Mathematical biosciences},
  volume={184},
  number={2},
  pages={165--186},
  year={2003},
  publisher={Elsevier}
}